[gd_scene load_steps=10 format=3 uid="uid://byq8nh3lw0tot"]

[ext_resource type="Script" path="res://Scripts/GameManager.gd" id="1_7aogo"]
[ext_resource type="PackedScene" uid="uid://dsp5hvvvrtags" path="res://Prefabs/Player.tscn" id="1_is7xg"]
[ext_resource type="PackedScene" uid="uid://bgwlsj817ubx4" path="res://Prefabs/BossManager.tscn" id="1_qfs77"]
[ext_resource type="PackedScene" uid="uid://d27mq62g4vfn2" path="res://Prefabs/bulletManager.tscn" id="2_f7byb"]
[ext_resource type="PackedScene" uid="uid://dg00j5xdedgin" path="res://Nodes/levels.tscn" id="2_yq253"]
[ext_resource type="Texture2D" uid="uid://blu5rb3mme44o" path="res://Sprites/tristeza.png" id="3_bgt7w"]
[ext_resource type="PackedScene" uid="uid://b41w7jo24lh4q" path="res://Nodes/npc.tscn" id="4_3cdqr"]
[ext_resource type="Texture2D" uid="uid://ff2ia045h4xp" path="res://Sprites/enojo.png" id="4_b54yl"]
[ext_resource type="Texture2D" uid="uid://p03rlis7g3jn" path="res://Sprites/desesperanza.png" id="5_gsmkx"]

[node name="Main" type="Node"]
script = ExtResource("1_7aogo")

[node name="BossManager" parent="." instance=ExtResource("1_qfs77")]
position = Vector2(604, 254)
alpha = 3.0
icon = ExtResource("3_bgt7w")
bossName = "Tristesa"
max_health = 50

[node name="BossManager2" parent="." instance=ExtResource("1_qfs77")]
visible = false
position = Vector2(253, 244)
icon = ExtResource("4_b54yl")
bossName = "Enojo"
max_health = 75

[node name="BossManager3" parent="." instance=ExtResource("1_qfs77")]
visible = false
position = Vector2(935, 256)
icon = ExtResource("5_gsmkx")
bossName = "Desesperanza"
max_health = 100

[node name="Player" parent="." instance=ExtResource("1_is7xg")]
position = Vector2(47, 609)

[node name="NPC" parent="." instance=ExtResource("4_3cdqr")]
position = Vector2(1037, 565)
scale = Vector2(15.1023, 15.219)

[node name="BulletManager" parent="." instance=ExtResource("2_f7byb")]

[node name="Levels" parent="." instance=ExtResource("2_yq253")]
z_index = -1

[connection signal="shoot" from="Player" to="BulletManager" method="_on_player_shoot"]
