[gd_scene load_steps=12 format=3 uid="uid://bgwlsj817ubx4"]

[ext_resource type="Texture2D" uid="uid://2p6q1rh4edg7" path="res://Sprites/BUENAAAS_1.png" id="1_l0yko"]
[ext_resource type="Script" path="res://Scripts/BossManager.gd" id="1_oancq"]
[ext_resource type="PackedScene" uid="uid://dkagan5db0pwf" path="res://Prefabs/bulletEnemy.tscn" id="2_1636e"]
[ext_resource type="Script" path="res://Scripts/FiniteStateMachine.gd" id="4_8yi5g"]
[ext_resource type="Script" path="res://Scripts/ExtendedScripts/Idle.gd" id="5_1ul1f"]
[ext_resource type="Script" path="res://Scripts/ExtendedScripts/5Leaf.gd" id="6_jxnmi"]
[ext_resource type="Script" path="res://Scripts/ExtendedScripts/4Leaf.gd" id="7_kwym0"]
[ext_resource type="Script" path="res://Scripts/ExtendedScripts/3Leaf.gd" id="8_whpep"]
[ext_resource type="Script" path="res://Scripts/ExtendedScripts/2Leaf.gd" id="9_5nb2w"]

[sub_resource type="CircleShape2D" id="CircleShape2D_s1lgn"]
radius = 9.484

[sub_resource type="CircleShape2D" id="CircleShape2D_nd3v2"]
radius = 314.229

[node name="BossManager" type="CharacterBody2D" groups=["Enemy"]]
script = ExtResource("1_oancq")
bullet_node = ExtResource("2_1636e")

[node name="CollisionShape2D" type="CollisionShape2D" parent="."]
visible = false
position = Vector2(1, 2.00001)
scale = Vector2(3.18852, 3.35484)
shape = SubResource("CircleShape2D_s1lgn")

[node name="Sprite2D" type="Sprite2D" parent="."]
z_index = 1
position = Vector2(0, 2)
scale = Vector2(0.951, 1)
texture = ExtResource("1_l0yko")

[node name="Speed" type="Timer" parent="."]
wait_time = 0.05

[node name="Duration" type="Timer" parent="."]
wait_time = 4.0

[node name="debug" type="Label" parent="Duration"]
visible = false
offset_left = 45.0
offset_top = 171.0
offset_right = 94.0
offset_bottom = 194.0
text = "debug"

[node name="PlayerDetection" type="Area2D" parent="."]
position = Vector2(26, 2)

[node name="CollisionShape2D" type="CollisionShape2D" parent="PlayerDetection"]
unique_name_in_owner = true
position = Vector2(-27, 0)
rotation = 0.0174533
scale = Vector2(0.5, 0.5)
shape = SubResource("CircleShape2D_nd3v2")
one_way_collision_margin = 0.0

[node name="FiniteStateMachine" type="Node2D" parent="."]
script = ExtResource("4_8yi5g")

[node name="Idle" type="Node2D" parent="FiniteStateMachine"]
script = ExtResource("5_1ul1f")

[node name="5Leaf" type="Node2D" parent="FiniteStateMachine"]
script = ExtResource("6_jxnmi")

[node name="4Leaf" type="Node2D" parent="FiniteStateMachine"]
script = ExtResource("7_kwym0")

[node name="3Leaf" type="Node2D" parent="FiniteStateMachine"]
script = ExtResource("8_whpep")

[node name="2Leaf" type="Node2D" parent="FiniteStateMachine"]
script = ExtResource("9_5nb2w")

[connection signal="timeout" from="Speed" to="." method="_on_speed_timeout"]
[connection signal="body_entered" from="PlayerDetection" to="FiniteStateMachine/Idle" method="_on_player_entered"]
